@inproceedings{sohn2008diary,
  title={A diary study of mobile information needs},
  author={Sohn, Timothy and Li, Kevin A and Griswold, William G and Hollan, James D},
  booktitle={Proceedings of the sigchi conference on human factors in computing systems},
  pages={433--442},
  year={2008}
}

@article{adeyanjudevelopment,
  title={Development of an Electronic Diary Application for Windows Smartphones},
  author={Adeyanju, Ibrahim A and Alo, Oluwaseun O and Aderibigbe, Adedoyin O}
}

@article{brown2000electronic,
  title={Electronic diaries: how they are used, advice for implementation and a review of products},
  author={Brown, Barry and Crawshaw, Tom},
  year={2000},
  publisher={Education-line}
}

@article{lev2019viewing,
  title={Viewing diaries in an age of new media: an exploratory analysis of mobile phone app diaries versus paper diaries},
  author={Lev-On, Azi and Lowenstein-Barkai, Hila},
  journal={Methodological Innovations},
  volume={12},
  number={1},
  pages={2059799119844442},
  year={2019},
  publisher={SAGE Publications Sage UK: London, England}
}

@inproceedings{park2016digital,
  title={A Digital Diary Making System Based on User Life-Log},
  author={Park, Yechan and Kang, Byungseok and Choo, Hyunseung},
  booktitle={International Conference on Internet of Vehicles},
  pages={206--213},
  year={2016},
  organization={Springer}
}